<record><leader>01654nam a2200397 i 4500</leader><controlfield tag="001">6748914</controlfield><controlfield tag="003">FlBoTFG</controlfield><controlfield tag="005">20141121161956.0</controlfield><controlfield tag="006">m|||||o||d||||||||</controlfield><controlfield tag="007">cr||||</controlfield><controlfield tag="008">141121t20152015fluad   ob    001 0 eng d</controlfield><datafield ind1=" " ind2=" " tag="020"><subfield code="a">9781439873441 (e-book : PDF)</subfield></datafield><datafield ind1=" " ind2=" " tag="035"><subfield code="a">ocn897451479</subfield></datafield><datafield ind1=" " ind2=" " tag="039"><subfield code="a">exclude</subfield></datafield><datafield ind1=" " ind2=" " tag="040"><subfield code="a">FlBoTFG</subfield><subfield code="b">eng</subfield><subfield code="c">FlBoTFG</subfield><subfield code="e">rda</subfield><subfield code="d">AEU</subfield></datafield><datafield ind1=" " ind2="4" tag="050"><subfield code="a">QA278.8</subfield><subfield code="b">.K56 2015</subfield></datafield><datafield ind1=" " ind2=" " tag="090"><subfield code="a">Internet Access</subfield><subfield code="b">AEU</subfield></datafield><datafield ind1="1" ind2=" " tag="100"><subfield code="a">Kloke, John,</subfield><subfield code="e">author.</subfield></datafield><datafield ind1="1" ind2="0" tag="245"><subfield code="a">Nonparametric statistical methods using R /</subfield><subfield code="c">John Kloke, University of Wisconsin, Madison, WI, USA; Joseph W. McKean, Western Michigan University Kalamazoo, MI, USA.</subfield></datafield><datafield ind1=" " ind2="1" tag="264"><subfield code="a">Boca Raton :</subfield><subfield code="b">CRC Press,</subfield><subfield code="c">[2015]</subfield></datafield><datafield ind1=" " ind2="4" tag="264"><subfield code="c">&#169;2015</subfield></datafield><datafield ind1=" " ind2=" " tag="300"><subfield code="a">1 online resource.</subfield></datafield><datafield ind1=" " ind2=" " tag="336"><subfield code="a">text</subfield><subfield code="2">rdacontent</subfield></datafield><datafield ind1=" " ind2=" " tag="337"><subfield code="a">computer</subfield><subfield code="2">rdamedia</subfield></datafield><datafield ind1=" " ind2=" " tag="338"><subfield code="a">online resource</subfield><subfield code="2">rdacarrier</subfield></datafield><datafield ind1="1" ind2=" " tag="490"><subfield code="a">Chapman &amp; Hall/CRC the R series</subfield></datafield><datafield ind1=" " ind2=" " tag="504"><subfield code="a">Includes bibliographical references (pages 255-263) and index.</subfield></datafield><datafield ind1="0" ind2=" " tag="505"><subfield code="a">Getting started with R -- Basic statistics -- Two-sample problems -- Regression I -- ANOVA and ANCOVA -- Time to event analysis -- Regression II -- Cluster correlated data.</subfield></datafield><datafield ind1=" " ind2=" " tag="596"><subfield code="a">44</subfield></datafield><datafield ind1=" " ind2="0" tag="650"><subfield code="a">Nonparametric statistics.</subfield></datafield><datafield ind1=" " ind2="0" tag="650"><subfield code="a">R (Computer program language)</subfield></datafield><datafield ind1="1" ind2=" " tag="700"><subfield code="a">McKean, Joseph W.,</subfield><subfield code="d">1944-</subfield><subfield code="e">author.</subfield></datafield><datafield ind1=" " ind2="0" tag="830"><subfield code="a">Chapman &amp; Hall/CRC the R series (CRC Press)</subfield></datafield><datafield ind1="4" ind2="0" tag="856"><subfield code="3">University of Alberta Access</subfield><subfield code="u">http://marc.crcnetbase.com/isbn/9781439873441</subfield><subfield code="z">(Unlimited Concurrent Users)</subfield></datafield><datafield ind1=" " ind2=" " tag="949"><subfield code="h">UAIN</subfield><subfield code="z">CRC</subfield></datafield><datafield ind1=" " ind2=" " tag="926"><subfield code="a">Internet Access</subfield><subfield code="w">LC</subfield><subfield code="c">1</subfield><subfield code="i">6748914-1001</subfield><subfield code="l">INTERNET</subfield><subfield code="m">UAINTERNET</subfield><subfield code="r">Y</subfield><subfield code="s">Y</subfield><subfield code="t">E-RESOURCE</subfield><subfield code="u">12/2/2014</subfield><subfield code="x">E-BOOK</subfield><subfield code="z">CRC</subfield></datafield></record>